@article{Barto1998Reinforcement,
  title={Reinforcement learning},
  author={Barto, Andrew G},
  journal={A Bradford Book},
  volume={volume 15},
  number={7},
  pages={665-685},
  year={1998},
}

@article{Chren1998One,
  title={One-hot residue coding for low delay-power product CMOS design},
  author={Chren, W. A., Jr},
  journal={IEEE Transactions on Circuits and Systems II Analog and Digital Signal Processing},
  volume={45},
  number={3},
  pages={303-313},
  year={1998},
}


@inproceedings{Graves2013Speech,
  title={Speech Recognition with Deep Recurrent Neural Networks},
  author={Graves, Alex and Mohamed, Abdel Rahman and Hinton, Geoffrey},
  booktitle={IEEE International Conference on Acoustics},
  year={2013},
}

@book{Tarski1951A,
  title={A Decision Method for Elementary Algebra and Geometry},
  author={Tarski, Alfred},
  year={1951},
}


@inproceedings{Luo2018Automatic,
  title={Automatic Derivation Of Formulas Using Reforcement Learning},
  author={Luo, Min Zhong , and Li Liu},
  year={2018},
}


@article{Li2017Learning,
  title={Learning Graph While Training: An Evolving Graph Convolutional Neural Network},
  author={Li, Ruoyu and Huang, Junzhou},
  year={2017},
}

@inproceedings{Duvenaud2015Convolutional,
  title={Convolutional Networks on Graphs for Learning Molecular Fingerprints},
  author={Duvenaud, David and Maclaurin, Dougal and Aguileraiparraguirre, Jorge and Gómezbombarelli, Rafael and Hirzel, Timothy and Aspuruguzik, Alán and Adams, Ryan P.},
  booktitle={International Conference on Neural Information Processing Systems},
  year={2015},
}

@article{Mordatch2018Concept,
  title={Concept Learning with Energy-Based Models},
  author={Mordatch, Igor},
  year={2018},
}


@article{Harvey2012Choice,
  title={Choice-specific sequences in parietal cortex during a virtual-navigation decision task},
  author={Harvey, Christopher D, and Philip, Coen and Tank, David W,},
  journal={Nature},
  volume={484},
  number={7392},
  pages={62-68},
  year={2012},
}

@article{Brutzkus2017SGD,
  title={SGD Learns Over-parameterized Networks that Provably Generalize on Linearly Separable Data},
  author={Brutzkus, Alon and Globerson, Amir and Malach, Eran and Shalev-Shwartz, Shai},
  year={2017},
}


@article{Alon2015Faster,
  author    = {Alon Gonen, Shai Shalev},
  title     = {Faster SGD Using Sketched Conditioning},
  journal   = {CoRR},
  volume    = {1506},
  year      = {2015},
}

@inproceedings{Han1969QA,
  title={QA System Metis Based on Web Searching and Semantic Graph Matching},
  author={Han, Dongli and Kato, Yuhei and Takehara, Kazuaki and Yamamoto, Tetsuya and Sugimura, Kazunori and Harada, Minoru},
  booktitle={International Conference on Intelligent Information Processing III},
  year={1969},
}

@inproceedings{Banerjee1969Reactive,
  title={Reactive (Re) Planning Agents in a Dynamic Environment},
  author={Banerjee, Debdeep and Tweedale, Jeffrey},
  booktitle={International Conference on Intelligent Information Processing III},
  year={1969},
}

@book{Lin1992Self,
  title={Self-Improving Reactive Agents Based on Reinforcement Learning, Planning and Teaching},
  author={Lin, Long Ji},
  year={1992},
}


@article{Rodrigo2012Concept,
  title={Concept cells: the building blocks of declarative memory functions},
  author={Rodrigo Quian, Quiroga},
  journal={Nature Reviews Neuroscience},
  volume={13},
  number={8},
  pages={587-97},
  year={2012},
}

@article{Chen2014DaDianNao,
  title={DaDianNao: A Machine-Learning Supercomputer},
  author={Chen, Y. and Luo, T. and Liu, S. and Zhang, S. and He, L. and Wang, J. and Li, L. and Chen, T. and Xu, Z. and Sun, N.},
  year={2014},
}

@article{Paus2001Primate,
  title={Primate anterior cingulate cortex: where motor control, drive and cognition interface},
  author={Paus, T, Ic. Mni. Mcgill. Ca},
  journal={Nature Reviews Neuroscience},
  volume={2},
  number={6},
  pages={417-424},
  year={2001},
}

@book{Brockmeier2013Decoding,
  title={Decoding Algorithms for Brain–Machine Interfaces},
  author={Brockmeier, Austin J. and Príncipe, José C.},
  year={2013},
}

@article{Kim2018A,
  title={A simulation study on the effects of neuronal ensemble properties on decoding algorithms for intracortical brain–machine interfaces},
  author={Kim, Min Ki and Sohn, Jeong Woo and Lee, Bongsoo and Kim, Sung Phil},
  journal={Biomedical Engineering Online},
  volume={17},
  number={1},
  pages={28},
  year={2018},
}

@article{Bojarski2016End,
  title={End to End Learning for Self-Driving Cars},
  author={Bojarski, Mariusz and Testa, Davide Del and Dworakowski, Daniel and Firner, Bernhard and Zieba, Karol},
  year={2016},
}

@inproceedings{Kim2017End,
  title={End-To-End Ego Lane Estimation Based on Sequential Transfer Learning for Self-Driving Cars},
  author={Kim, Jiman and Park, Chanjong},
  booktitle={IEEE Conference on Computer Vision and Pattern Recognition Workshops},
  year={2017},
}

@article{Chong2017Deep,
  title={Deep learning networks for stock market analysis and prediction: Methodology, data representations, and case studies},
  author={Chong, Eunsuk and Han, Chulwoo and Park, Frank C.},
  journal={Expert Systems with Applications},
  volume={83},
  pages={187-205},
  year={2017},
}


@article{Hallegatte2013Investment,
  title={Investment Decision Making Under Deep Uncertainty -- Application to Climate Change},
  author={Hallegatte, Stéphane and Shah, Ankur and Brown, Casey and Lempert, Robert and Gill, Stuart},
  journal={Policy Research Working Paper},
  volume={2},
  number={1},
  year={2013},
}

@inproceedings{Baluja2008Video,
  title={Video suggestion and discovery for youtube: taking random walks through the view graph.},
  author={Baluja, Shumeet and Seth, Rohan and Sivakumar, D. and Jing, Yushi and Yagnik, Jay and Kumar, Shankar and Ravichandran, Deepak and Aly, Mohamed},
  booktitle={WWW},
  year={2008},
}

@inproceedings{Davidson2010The,
  title={The YouTube video recommendation system},
  author={Davidson, James and Liebald, Benjamin and Liu, Junning and Nandy, Palash and Vleet, Taylor Van and Gargi, Ullas and Gupta, Sujoy and He, Yu and Lambert, Mike and Livingston, Blake},
  booktitle={Acm Conference on Recommender Systems},
  year={2010},
}



@article{Niko2018The,
  title={The limits and potentials of deep learning for robotics},
  author={Sünderhauf, Niko, et al},
  journal={The International Journal of Robotics Research },
  volume={37.4-5},
  number={405-420},
  year={2018},
}

@inproceedings{Sainath2013Deep,
  title={Deep convolutional neural networks for LVCSR},
  author={Sainath, Tara N. and Mohamed, A. R. and Kingsbury, Brian and Ramabhadran, Bhuvana},
  booktitle={IEEE International Conference on Acoustics},
  year={2013},
}


@inproceedings{Rendle2009BPR,
  title={BPR: Bayesian Personalized Ranking from Implicit Feedback},
  author={Rendle, Steffen and Freudenthaler, Christoph and Gantner, Zeno and Schmidt-Thieme, Lars},
  booktitle={Conference on Uncertainty in Artificial Intelligence},
  year={2009},
}


@inproceedings{Koren2008Factorization,
  title={Factorization meets the neighborhood: A multifaceted collaborative filtering model},
  author={Koren, Yehuda},
  booktitle={Acm Sigkdd International Conference on Knowledge Discovery and Data Mining},
  year={2008},
}


@book{Pearl1988Probabilistic,
  title={Probabilistic Reasoning in Intelligent Systems},
  author={Pearl, Judea},
  year={1988},
}


@inproceedings{Sermanet2009EBLearn,
  title={EBLearn: Open-Source Energy-Based Learning in C++},
  author={Sermanet, Pierre and Kavukcuoglu, Koray and Lecun, Yann},
  booktitle={IEEE International Conference on Tools with Artificial Intelligence},
  year={2009},
}

@article{Litjens2017A,
  title={A survey on deep learning in medical image analysis},
  author={Litjens, G and Kooi, T and Bejnordi, B. E. and Aaa, Setio and Ciompi, F and Ghafoorian, M and Jawm, Van Der Laak and Van, Ginneken B and SÃ nchez, C. I.},
  journal={Medical Image Analysis},
  volume={42},
  number={9},
  pages={60-88},
  year={2017},
}

@article{Shalev2017Failures,
  title={Failures of Gradient-Based Deep Learning},
  author={Shalev-Shwartz, Shai and Shamir, Ohad and Shammah, Shaked},
  year={2017},
}

@article{Vialatte2018A,
  title={A Study of Deep Learning Robustness Against Computation Failures},
  author={Vialatte, Jean Charles and Leduc-Primeau, François},
  year={2018},
}


@inproceedings{Chang2015HMAX,
  title={HMAX model: A survey},
  author={Chang, Liu and Sun, Fuchun},
  booktitle={International Joint Conference on Neural Networks},
  year={2015},
}


@article{Chen2010The,
  title={The Effects of Procedural Memory on Oral Proficiency of English Learners},
  author={Chen, Zheng Rong},
  journal={Journal of Yancheng Teachers University},
  year={2010},
}


@article{Emden1976The,
  title={The Semantics of Predicate Logic as a Programming Language.},
  author={Emden, M. H. Van and Kowalski, R. A.},
  journal={Journal of the Acm},
  volume={23},
  number={4},
  pages={733-742},
  year={1976},
}


@article{Kingma2013Auto,
  title={Auto-Encoding Variational Bayes},
  author={Kingma, Diederik P and Welling, Max},
  year={2013},
}


@article{Goodfellow2014Generative,
  title={Generative Adversarial Networks},
  author={Goodfellow, Ian J. and Pougetabadie, Jean and Mirza, Mehdi and Bing, Xu and Wardefarley, David and Ozair, Sherjil and Courville, Aaron and Bengio, Yoshua},
  journal={Advances in Neural Information Processing Systems},
  volume={3},
  pages={2672-2680},
  year={2014},
}


@article{Neisser1976Cognition,
  title={Cognition and Reality: Principles and Implications of Cognitive Psychology},
  author={Neisser, Ulric},
  year={1976},
}


@inproceedings{Java2006Text,
  title={Text Understanding Agents and the Semantic Web},
  author={Java, Akshay and Finin, Tim and Nirenburg, Sergei},
  booktitle={Hawaii International Conference on System Sciences},
  year={2006},
}


@article{Hinton2012A,
  title={A Practical Guide to Training Restricted Boltzmann Machines},
  author={Hinton, Geoffrey E.},
  journal={Momentum},
  volume={9},
  number={1},
  pages={599-619},
  year={2012},
}


@article{Vogels2011Inhibitory,
  title={Inhibitory plasticity balances excitation and inhibition in sensory pathways and memory networks},
  author={Vogels, T P, and Sprekeler, H. ,. and Zenke, F. ,. and Clopath, C. ,. and Gerstner, W. ,.},
  journal={Science},
  volume={334},
  number={6062},
  pages={1569-73},
  year={2011},
}


@article{Dan2008Brian,
  title={Brian: a simulator for spiking neural networks in Python},
  author={Dan, Goodman and Brette, Romain},
  journal={Bmc Neuroscience},
  volume={2},
  number={1},
  pages={1-2},
  year={2008},
}

@article{Panda2017Convolutional,
  title={Convolutional Spike Timing Dependent Plasticity based Feature Learning in Spiking Neural Networks},
  author={Panda, Priyadarshini and Srinivasan, Gopalakrishnan and Roy, Kaushik},
  year={2017},
}


@article{Qiu2017Network,
  title={Network Embedding as Matrix Factorization: UnifyingDeepWalk, LINE, PTE, and node2vec},
  author={Qiu, Jiezhong and Dong, Yuxiao and Hao, Ma and Jian, Li and Jie, Tang},
  year={2017},
}

@inproceedings{Jie2012Inferring,
  title={Inferring social ties across heterogenous networks},
  author={Jie, Tang and Lou, Tiancheng and Kleinberg, Jon M.},
  booktitle={Acm International Conference on Web Search and Data Mining},
  year={2012},
}


@article{Jie2016Transfer,
  title={Transfer Learning to Infer Social Ties across Heterogeneous Networks},
  author={Jie, Tang and Lou, Tiancheng and Kleinberg, Jon and Wu, Sen},
  journal={Acm Transactions on Information Systems},
  volume={34},
  number={2},
  pages={1-43},
  year={2016},
}

@article{Volodymyr2013Playing,
  title={Playing Atari with Deep Reinforcement Learning},
  author={Volodymyr Mnih, Koray Kavukcuoglu, David Silver},
  journal={Computer Science},
  year={2013},
}

@article{Hasselt2015Deep,
  title={Deep Reinforcement Learning with Double Q-learning},
  author={Hasselt, Hado Van and Guez, Arthur and Silver, David},
  journal={Computer Science},
  year={2015},
}


@book{Russell2002Artificial,
  title={Artificial intelligence : a modern approach},
  author={Russell, Stuart J. and Norvig, Peter},
  year={2002},
}

@article{Samuel1962Artificial,
  title={Artificial Intelligence: A Frontier of Automation},
  author={Samuel, Arthur L.},
  journal={Annals of the American Academy of Political and Social Science},
  volume={340},
  number={1-6},
  pages={10-20},
  year={1962},
}


@inproceedings{Ward1962Artificial,
  title={Artificial intelligence and self-organizing systems: Teaching a digital computer to assist in making decisions},
  author={Ward, J. H. and Davis, K. J.},
  booktitle={Acm National Conference on Digest of Technical Papers},
  year={1962},
}

@inproceedings{Swartout1970Knowledge,
  title={Knowledge needed for expert system explanation},
  author={Swartout, William R.},
  booktitle={Afips},
  year={1970},
}

@inproceedings{Weiss1979EXPERT,
  title={EXPERT: a system for developing consultation models},
  author={Weiss, Sholom M. and Kulikowski, Casimir A.},
  booktitle={International Joint Conference on Artificial Intelligence},
  year={1979},
}

@inproceedings{Krizhevsky2012ImageNet,
  title={ImageNet classification with deep convolutional neural networks},
  author={Krizhevsky, Alex and Sutskever, Ilya and Hinton, Geoffrey E.},
  booktitle={International Conference on Neural Information Processing Systems},
  year={2012},
}

@inproceedings{Lima2000A,
  title={A neural propositional reasoner that is goal-driven and works without pre-compiled knowledge},
  author={Lima, P. M.},
  booktitle={Brazilian Symposium on Neural Networks},
  year={2000},
}

@article{Yin2015Neural,
  title={Neural Enquirer: Learning to Query Tables},
  author={Yin, Pengcheng and Lu, Zhengdong and Li, Hang and Kao, Ben},
  journal={Computer Science},
  year={2015},
}

@article{Mou2017Coupling,
  title={Coupling Distributed and Symbolic Execution for Natural Language Queries},
  author={Mou, Lili and Lu, Zhengdong and Hang, Li and Zhi, Jin},
  year={2017},
}


@article{Tang2017Cognitive,
  title={Cognitive memory and mapping in a brain-like system for robotic navigation},
  author={Tang, Huajin and Huang, Weiwei and Narayanamoorthy, Aditya and Yan, Rui},
  journal={Neural Networks},
  volume={87},
  number={C},
  pages={27-37},
  year={2017},
}


@article{Silver2017Mastering,
  title={Mastering the game of Go without human knowledge},
  author={Silver, D and Schrittwieser, J and Simonyan, K and Antonoglou, I and Huang, A. and Guez, A and Hubert, T and Baker, L and Lai, M. and Bolton, A},
  journal={Nature},
  volume={550},
  number={7676},
  pages={354-359},
  year={2017},
}

@article{Peters2010Policy,
  title={Policy Gradient Methods},
  author={Peters, Jan and Bagnell, J. Andrew},
  journal={Encyclopedia of Machine Learning},
  volume={5},
  number={11},
  pages={774-776},
  year={2010},
}

@article{Kipf2016Semi,
  title={Semi-Supervised Classification with Graph Convolutional Networks},
  author={Kipf, Thomas N. and Welling, Max},
  year={2016},
}



@article{Stevenson1997Exploring,
  title={Exploring postinfarction reentrant ventricular tachycardia with entrainment mapping},
  author={Stevenson, W G, and Friedman, P L, and Sager, P T, and Saxon, L A, and Kocovic, D. ,. and Harada, T. ,. and Wiener, I. ,. and Khan, H. ,.},
  journal={Journal of the American College of Cardiology},
  volume={29},
  number={6},
  pages={1180-9},
  year={1997},
}

@article{Crick1990Some,
  title={Some reflections on visual awareness},
  author={Crick, F and Koch, C},
  journal={Cold Spring Harbor Symposia on Quantitative Biology},
  volume={55},
  number={1},
  pages={953},
  year={1990},
}

@INPROCEEDINGS{malinowski2014nips,
 author = {Malinowski, Mateusz and Fritz, Mario},
 title = {A Multi-World Approach to Question Answering about Real-World Scenes based on Uncertain Input},
 booktitle = {Advances in Neural Information Processing Systems 27},
 editor = {Z. Ghahramani and M. Welling and C. Cortes and N.D. Lawrence and K.Q. Weinberger},
 pages = {1682--1690},
 year = {2014},
 publisher = {Curran Associates, Inc.},
}

@article{Yu2018Guided,
  title={Guided Feature Transformation (GFT): A Neural Language Grounding Module for Embodied Agents},
  author={Yu, Haonan and Lian, Xiaochen and Zhang, Haichao and Wei, Xu},
  year={2018},
}

@article{Yu2018Interactive,
  title={Interactive Grounded Language Acquisition and Generalization in a 2D World},
  author={Yu, Haonan and Zhang, Haichao and Wei, Xu},
  year={2018},
}


@book{Lampert2009Learning,
  title={Learning to detect unseen object classes by between-class attribute transfer},
  author={Lampert, Christoph H and Nickisch, Hannes and Harmeling, Stefan},
  year={2009},
}


@article{Pearl2018Theoretical,
  title={Theoretical Impediments to Machine Learning With Seven Sparks from the Causal Revolution},
  author={Pearl, Judea},
  year={2018},
}

@article{Spirtes2010Introduction,
  title={Introduction to Causal Inference},
  author={Spirtes, Peter},
  journal={Journal of Machine Learning Research},
  volume={11},
  number={2},
  pages={1643-1662},
  year={2010},
}


@article{Battaglia2018Relational,
  title={Relational inductive biases, deep learning, and graph networks},
  author={Battaglia, Peter W. and Hamrick, Jessica B. and Bapst, Victor and Sanchez-Gonzalez, Alvaro and Zambaldi, Vinicius and Malinowski, Mateusz and Tacchetti, Andrea and Raposo, David and Santoro, Adam and Faulkner, Ryan},
  year={2018},
}


@article{Valois1982Spatial,
  title={Spatial frequency selectivity of cells in macaque visual cortex},
  author={Valois, Russell L. De and Albrecht, Duane G. and Thorell, Lisa G.},
  journal={Vision Research},
  volume={22},
  number={5},
  pages={545-559},
  year={1982},
}


@article{Tang2018Large,
  title={Large-scale two-photon imaging revealed super-sparse population codes in V1 superficial layer of awake monkeys},
  author={Tang, S. and Zhang, Y. and Li, Z. and Li, M. and Liu, F. and Jiang, H. and Lee, T. S.},
  journal={Elife},
  volume={7},
  year={2018},
}


@article{Nakahara2004Functional,
  title={Functional magnetic resonance imaging of macaque monkeys.},
  author={Nakahara, Kiyoshi},
  journal={Methods in Enzymology},
  volume={385},
  number={1},
  pages={84},
  year={2004},
}


@article{Lecun1998Gradient,
  title={Gradient-based learning applied to document recognition},
  author={Lecun, Yann and Bottou, Leon and Bengio, Yoshua and Haffner, Patrick},
  journal={Proceedings of the IEEE},
  volume={86},
  number={11},
  pages={2278-2324},
  year={1998},
}


@article{Rhodes2010Apical,
  title={Apical tuft input efficacy in layer 5 pyramidal cells from rat visual cortex},
  author={Rhodes, P A, and Llinás, R R,},
  journal={Journal of Physiology},
  volume={536},
  number={1},
  pages={167-187},
  year={2010},
}


@article{Bhojanapalli2016Global,
  title={Global Optimality of Local Search for Low Rank Matrix Recovery},
  author={Bhojanapalli, Srinadh and Neyshabur, Behnam and Srebro, Nathan},
  year={2016},
}

@article{Kawaguchi2016Deep,
  title={Deep Learning without Poor Local Minima},
  author={Kawaguchi, Kenji},
  year={2016},
}


@article{Stachenfeld2017The,
  title={The hippocampus as a predictive map.},
  author={Stachenfeld, K. L. and Botvinick, M. M. and Gershman, S. J.},
  journal={Nature Neuroscience},
  volume={20},
  number={11},
  pages={1643},
  year={2017},
}


@article{Sabour2017Dynamic,
  title={Dynamic Routing Between Capsules},
  author={Sabour, Sara and Frosst, Nicholas and Hinton, Geoffrey E},
  year={2017},
}



@article{Marblestone2016Toward,
  title={Toward an Integration of Deep Learning and Neuroscience},
  author={Marblestone, A. H. and Wayne, G and Kording, K. P.},
  journal={Frontiers in Computational Neuroscience},
  volume={10},
  number={5},
  year={2016},
}

@article{Hecht1987Counterpropagation,
  title={Counterpropagation networks},
  author={Hecht-Nielsen, R. ,.},
  journal={Applied Optics},
  volume={26},
  number={23},
  pages={4979-83},
  year={1987},
}


@article{Newell1956The,
  title={The Logic Theory Machine: A Complex Information Processing System},
  author={Newell, Allen and Simon, H. A.},
  journal={Information Theory Ire Transactions on},
  volume={IT-2},
  number={3},
  pages={61-79},
  year={1956},
}

@article{Gelernter1959A,
  title={A note on syntactic symmetry and the manipulation of formal systems by machine},
  author={Gelernter, H.},
  journal={Information and Control},
  volume={2},
  number={1},
  pages={80-89},
  year={1959},
}

@book{Robinson1965A,
  title={A Machine-Oriented Logic Based on the Resolution Principle},
  author={Robinson, J. A.},
  year={1965},
}

@article{Henschen1974A,
  title={A Theorem-Proving Language for Experimentation},
  author={Henschen, Lawrence J. and Overbeek, Ross A. and Wos, Larry},
  journal={Communications of the Acm},
  volume={17},
  number={6},
  pages={308-314},
  year={1974},
}

@book{Davenport1988Computer,
  title={Computer algebra - systems and algorithms for algebraic computation (2. ed.)},
  author={Davenport, James Harold and Siret, Yvon and Tournier, Evelyne},
  year={1988},
}

@article{Winograd1971Procedures,
  title={Procedures as a Representation for Data in a Computer Program for Understanding Natural Language},
  author={Winograd, Terry},
  journal={Computational Linguistics},
  pages={464},
  year={1971},
}

@inproceedings{Johnson2010How,
  title={How the statistical revolution changes (computational) linguistics},
  author={Johnson, Mark},
  booktitle={Eacl Workshop on the Interaction Between Linguistics and Computational Linguistics: Virtuous},
  year={2010},
}

@article{Kaliszyk2017HolStep,
  title={HolStep: A Machine Learning Dataset for Higher-order Logic Theorem Proving},
  author={Kaliszyk, Cezary and Chollet, François and Szegedy, Christian},
  year={2017},
}


@article{Mikolov2013Distributed,
  title={Distributed representations ofwords and phrases and their compositionality},
  author={Mikolov, T. and Sutskever, I. and Chen, K. and Corrado, G. and Dean, J.},
  journal={Advances in Neural Information Processing Systems},
  volume={26},
  pages={3111-3119},
  year={2013},
}


@misc{fxsjy2014Jieba,
  title={Jieba},
  author={fxsjy},
  year={2014},
  howpublished={\url{https://github.com/fxsjy/jieba}},
}

@misc{chollet2015keras,
  title={Keras},
  author={Chollet, Fran\c{c}ois and others},
  year={2015},
  howpublished={\url{https://keras.io}},
}

@book{Rudin1974Real,
  title={Real and complex analysis.},
  author={Rudin, Walter},
  year={1974},
}

@article{Durrett2005Probability,
  title={Probability : theory and examples},
  author={Durrett, Rick},
  journal={Cambridge U Press},
  volume={39},
  number={5},
  pages={320-353},
  year={2005},
}